
@inproceedings{lu_slam_2009,
	title = {{SLAM} estimation in dynamic outdoor environments: A review},
	url = {http://link.springer.com/chapter/10.1007/978-3-642-10817-4_25},
	shorttitle = {{SLAM} estimation in dynamic outdoor environments},
	pages = {255--267},
	booktitle = {International Conference on Intelligent Robotics and Applications},
	publisher = {Springer},
	author = {Lu, Zheyuan and Hu, Zhencheng and Uchimura, Keiichi},
	urldate = {2017-03-29},
	date = {2009},
	file = {LNAI 5928 - SLAM Estimation in Dynamic Outdoor Environments\: A Review - chp%3A10.1007%2F978-3-642-10817-4_25.pdf:/home/virgile/.mozilla/firefox/omu1xnuq.default/zotero/storage/KRZVMZXA/chp%3A10.1007%2F978-3-642-10817-4_25.pdf:application/pdf}
}
