
@article{pomerleau_review_2015,
	title = {A Review of Point Cloud Registration Algorithms for Mobile Robotics},
	volume = {4},
	issn = {1935-8253, 1935-8261},
	url = {http://ftp.nowpublishers.com/article/Details/ROB-035},
	doi = {10.1561/2300000035},
	abstract = {A Review of Point Cloud Registration Algorithms for Mobile Robotics},
	pages = {1--104},
	number = {1},
	journaltitle = {Foundations and Trends® in Robotics},
	shortjournal = {{ROB}},
	author = {Pomerleau, François and Colas, Francis and Siegwart, Roland},
	urldate = {2017-06-07},
	date = {2015-05-27},
	file = {2015_Pomerleau_FnTROB_Review.pdf:/home/virgile/.mozilla/firefox/u9rj1ge0.default/zotero/storage/QXS7MTHS/2015_Pomerleau_FnTROB_Review.pdf:application/pdf}
}

#ERROR MINIMIZATION : Optimization

@article{arun_least-squares_1987,
	title = {Least-Squares Fitting of Two 3-D Point Sets},
	volume = {{PAMI}-9},
	issn = {0162-8828},
	doi = {10.1109/TPAMI.1987.4767965},
	abstract = {Two point sets pi and p'i; i = 1, 2,..., N are related by p'i = Rpi + T + Ni, where R is a rotation matrix, T a translation vector, and Ni a noise vector. Given pi and p'i, we present an algorithm for finding the least-squares solution of R and T, which is based on the singular value decomposition ({SVD}) of a 3 Ã 3 matrix. This new algorithm is compared to two earlier algorithms with respect to computer time requirements.},
	pages = {698--700},
	number = {5},
	journaltitle = {{IEEE} Transactions on Pattern Analysis and Machine Intelligence},
	author = {Arun, K. S. and Huang, T. S. and Blostein, S. D.},
	date = {1987-09},
	keywords = {Application software, Computer vision, Economic indicators, Iterative algorithms, least-squares, Matrix decomposition, Motion estimation, Parameter estimation, Position measurement, quaternion, Quaternions, Singular value decomposition},
	file = {IEEE Xplore Abstract Record:/home/virgile/.mozilla/firefox/u9rj1ge0.default/zotero/storage/9GG728JX/4767965.html:text/html;IEEE Xplore Full Text PDF:/home/virgile/.mozilla/firefox/u9rj1ge0.default/zotero/storage/R2XZZSFR/Arun et al. - 1987 - Least-Squares Fitting of Two 3-D Point Sets.pdf:application/pdf}
}

@article{horn_closed-form_1987,
	title = {Closed-form solution of absolute orientation using unit quaternions},
	volume = {4},
	url = {https://www.osapublishing.org/abstract.cfm?uri=josaa-4-4-629},
	pages = {629--642},
	number = {4},
	journaltitle = {{JOSA} A},
	author = {Horn, Berthold {KP}},
	urldate = {2017-06-08},
	date = {1987},
	file = {Closed-form solution of absolute orientation using unit quaternions - PDF-1.pdf:/home/virgile/.mozilla/firefox/u9rj1ge0.default/zotero/storage/WGIWE36J/PDF-1.pdf:application/pdf}
}

@article{horn_closed_1988,
	title = {Closed form solutions of absolute orientation using orthonormal matrices},
	volume = {5},
	pages = {1127--1135},
	journaltitle = {Journal of the Optical Society},
	author = {Horn, Berthold {KP} and Hilden, Hugh M. and Negahdaripour, Shahrlar},
	date = {1988},
	file = {Closed-form solution of absolute orientation using orthonormal matrices - 53cf5fe30cf2f7e53cf7f07c.pdf:/home/virgile/.mozilla/firefox/u9rj1ge0.default/zotero/storage/Q6DF2SI9/53cf5fe30cf2f7e53cf7f07c.pdf:application/pdf}
}

@article{bosse_map_2008,
	title = {Map Matching and Data Association for Large-Scale Two-dimensional Laser Scan-based {SLAM}},
	volume = {27},
	issn = {0278-3649},
	url = {http://ijr.sagepub.com/cgi/doi/10.1177/0278364908091366},
	doi = {10.1177/0278364908091366},
	pages = {667--691},
	number = {6},
	journaltitle = {The International Journal of Robotics Research},
	author = {Bosse, M. and Zlot, R.},
	urldate = {2017-06-08},
	date = {2008-06-01},
	langid = {english},
	file = {ijr_091366.dvi - 0278364908091366:/home/virgile/.mozilla/firefox/u9rj1ge0.default/zotero/storage/AUHD6QBV/0278364908091366.pdf:application/pdf}
}

@article{chen_object_1992,
	title = {Object modelling by registration of multiple range images},
	volume = {10},
	url = {http://www.sciencedirect.com/science/article/pii/026288569290066C},
	pages = {145--155},
	number = {3},
	journaltitle = {Image and vision computing},
	author = {Chen, Yang and Medioni, Gérard},
	urldate = {2017-06-08},
	date = {1992},
	file = {PII\: 0262-8856(92)90066-C - 1-s2.0-026288569290066C-main.pdf:/home/virgile/.mozilla/firefox/u9rj1ge0.default/zotero/storage/PJ2PKHRD/1-s2.0-026288569290066C-main.pdf:application/pdf}
}

@article{walker_estimating_1991,
	title = {Estimating 3-D location parameters using dual number quaternions},
	volume = {54},
	url = {http://www.sciencedirect.com/science/article/pii/104996609190036O},
	pages = {358--367},
	number = {3},
	journaltitle = {{CVGIP}: image understanding},
	author = {Walker, Michael W. and Shao, Lejun and Volz, Richard A.},
	urldate = {2017-06-08},
	date = {1991},
	file = {PII\: 1049-9660(91)90036-O - 1-s2.0-104996609190036O-main.pdf:/home/virgile/.mozilla/firefox/u9rj1ge0.default/zotero/storage/NXFX8SZ7/1-s2.0-104996609190036O-main.pdf:application/pdf}
}

@article{lowe_distinctive_2004,
	title = {Distinctive image features from scale-invariant keypoints},
	volume = {60},
	url = {http://www.springerlink.com/index/H4L02691327PX768.pdf},
	pages = {91--110},
	number = {2},
	journaltitle = {International journal of computer vision},
	author = {Lowe, David G.},
	urldate = {2017-06-08},
	date = {2004},
	file = {Distinctive Image Features from Scale-Invariant Keypoints - art%3A10.1023%2FB%3AVISI.0000029664.99615.94.pdf:/home/virgile/.mozilla/firefox/u9rj1ge0.default/zotero/storage/562ED33V/art%3A10.1023%2FB%3AVISI.0000029664.99615.94.pdf:application/pdf}
}

@article{reyes_registration_2007,
	title = {Registration of 3D Points Using Geometric Algebra and Tensor Voting},
	volume = {75},
	issn = {0920-5691, 1573-1405},
	url = {http://link.springer.com/10.1007/s11263-007-0038-z},
	doi = {10.1007/s11263-007-0038-z},
	pages = {351--369},
	number = {3},
	journaltitle = {International Journal of Computer Vision},
	author = {Reyes, Leo and Medioni, Gerard and Bayro, Eduardo},
	urldate = {2017-06-08},
	date = {2007-09-05},
	langid = {english},
	file = {VISI_11263_0038.tex - art%3A10.1007%2Fs11263-007-0038-z.pdf:/home/virgile/.mozilla/firefox/u9rj1ge0.default/zotero/storage/F75UAA3F/art%3A10.1007%2Fs11263-007-0038-z.pdf:application/pdf}
}
