
@article{westoby_structure--motion_2012,
	title = {‘Structure-from-Motion’ photogrammetry: A low-cost, effective tool for geoscience applications},
	volume = {179},
	issn = {0169555X},
	url = {http://linkinghub.elsevier.com/retrieve/pii/S0169555X12004217},
	doi = {10.1016/j.geomorph.2012.08.021},
	shorttitle = {‘Structure-from-Motion’ photogrammetry},
	pages = {300--314},
	journaltitle = {Geomorphology},
	author = {Westoby, M.J. and Brasington, J. and Glasser, N.F. and Hambrey, M.J. and Reynolds, J.M.},
	urldate = {2018-01-29},
	date = {2012-12},
	langid = {english},
	file = {1-s2.0-S0169555X12004217-main.pdf:/home/virgile/.mozilla/firefox/u9rj1ge0.default/zotero/storage/UBAPICKW/1-s2.0-S0169555X12004217-main.pdf:application/pdf}
}