
@article{pomerleau_comparing_2013,
	title = {Comparing {ICP} variants on real-world data sets: Open-source library and experimental protocol},
	volume = {34},
	issn = {0929-5593, 1573-7527},
	url = {http://link.springer.com/10.1007/s10514-013-9327-2},
	doi = {10.1007/s10514-013-9327-2},
	shorttitle = {Comparing {ICP} variants on real-world data sets},
	pages = {133--148},
	number = {3},
	journaltitle = {Autonomous Robots},
	author = {Pomerleau, François and Colas, Francis and Siegwart, Roland and Magnenat, Stéphane},
	urldate = {2017-05-15},
	date = {2013-04},
	langid = {english},
	file = {art%3A10.1007%2Fs10514-013-9327-2.pdf:/home/virgile/.mozilla/firefox/omu1xnuq.default/zotero/storage/2MRCAD9Q/art%3A10.1007%2Fs10514-013-9327-2.pdf:application/pdf}
}
